<?xml version="1.0" encoding="UTF-8"?><record xmlns="http://www.loc.gov/MARC21/slim" xmlns:cinclude="http://apache.org/cocoon/include/1.0" xmlns:zs="http://www.loc.gov/zing/srw/">
  <leader>00944nz  a2200229n  4500</leader>
  <controlfield tag="001">no2015089532</controlfield>
  <controlfield tag="003">DLC</controlfield>
  <controlfield tag="005">20150709073548.0</controlfield>
  <controlfield tag="008">150708n| azannaabn          |b aaa     c</controlfield>
  <datafield tag="010" ind1=" " ind2=" ">
    <subfield code="a">no2015089532</subfield>
  </datafield>
  <datafield tag="035" ind1=" " ind2=" ">
    <subfield code="a">(OCoLC)oca10212240</subfield>
  </datafield>
  <datafield tag="040" ind1=" " ind2=" ">
    <subfield code="a">NjP</subfield>
    <subfield code="b">eng</subfield>
    <subfield code="e">rda</subfield>
    <subfield code="c">NjP</subfield>
  </datafield>
  <datafield tag="100" ind1="1" ind2=" ">
    <subfield code="a">Muḥsinī Rād Kirmānī, Muḥammad Ḥusayn</subfield>
  </datafield>
  <datafield tag="375" ind1=" " ind2=" ">
    <subfield code="a">male</subfield>
  </datafield>
  <datafield tag="377" ind1=" " ind2=" ">
    <subfield code="a">per</subfield>
  </datafield>
  <datafield tag="400" ind1="1" ind2=" ">
    <subfield code="a">محسنى راد کرمانى، محمد حسىن</subfield>
  </datafield>
  <datafield tag="400" ind1="1" ind2=" ">
    <subfield code="a">Muḥsinīʹrād Kirmānī, Muḥammad Ḥusayn</subfield>
  </datafield>
  <datafield tag="400" ind1="1" ind2=" ">
    <subfield code="a">Kirmānī, Muḥammad Ḥusayn Muḥsinī Rād</subfield>
  </datafield>
  <datafield tag="400" ind1="1" ind2=" ">
    <subfield code="a">کرمانى، محمد حسىن محسنى راد</subfield>
  </datafield>
  <datafield tag="400" ind1="1" ind2=" ">
    <subfield code="a">Kirmānī, Muḥammad Ḥusayn Muḥsinīʹrād</subfield>
  </datafield>
  <datafield tag="667" ind1=" " ind2=" ">
    <subfield code="a">Non-Latin script references not evaluated.</subfield>
  </datafield>
  <datafield tag="670" ind1=" " ind2=" ">
    <subfield code="a">Kirmānī, Fuʼād. Dīvān-i Shamʻjamʻ, 1389, 2010:</subfield>
    <subfield code="b">title page (محمد حسىن  محسنى راد کرمانى = Muḥammad Ḥusayn Muḥsinī Rād Kirmānī)</subfield>
  </datafield>
</record>